<collection>
<record>
<leader>05235cpcaa22008537a 4500</leader>
<controlfield tag="001">13519894</controlfield>
<controlfield tag="005">20240830131052.0</controlfield>
<controlfield tag="007">st omndmbi|||e</controlfield>
<controlfield tag="008">040312i19771977dcu eng </controlfield>
<datafield ind1=" " ind2=" " tag="906">
<subfield code="a">7</subfield>
<subfield code="b">cbc</subfield>
<subfield code="c">orignew</subfield>
<subfield code="d">u</subfield>
<subfield code="e">ncip</subfield>
<subfield code="f">20</subfield>
<subfield code="g">y-folklife</subfield>
</datafield>
<datafield ind1=" " ind2=" " tag="955">
<subfield code="a">
mkru 2004-03-12; mkru 2004-05-25; mkru 2004-08-03; mkru 2004-09-24; 2005-07-12; mkru 2010-09-08; cker 2011-01-31; mkru 2011-05-09; cker 2012-01-23;
</subfield>
<subfield code="a">mkru 2013-08-27; cker 2014-11-26; cker 2015-12-14</subfield>
<subfield code="a">mkru 2015-12-15</subfield>
<subfield code="a">mseg 2017-07-08</subfield>
<subfield code="a">mseg 2017-07-11</subfield>
<subfield code="a">masmit 2024-08-30</subfield>
</datafield>
<datafield ind1=" " ind2=" " tag="010">
<subfield code="a"> 2004695150</subfield>
</datafield>
<datafield ind1=" " ind2=" " tag="040">
<subfield code="a">DLC</subfield>
<subfield code="c">DLC</subfield>
<subfield code="d">DLC</subfield>
<subfield code="e">appm</subfield>
<subfield code="d">DLC</subfield>
</datafield>
<datafield ind1="0" ind2=" " tag="041">
<subfield code="a">eng</subfield>
<subfield code="d">eng</subfield>
<subfield code="d">spa</subfield>
<subfield code="d">cpf</subfield>
</datafield>
<datafield ind1=" " ind2=" " tag="043">
<subfield code="a">n-us---</subfield>
<subfield code="a">sn-----</subfield>
<subfield code="a">n-us-la</subfield>
</datafield>
<datafield ind1=" " ind2=" " tag="090">
<subfield code="a">AFS 18983-18987</subfield>
</datafield>
<datafield ind1=" " ind2=" " tag="090">
<subfield code="a">
LWO 9484 r 1-3, LWO 9517 r 1-2, LWO 9546 r1-3, LWO 9505 r1-2, LWO 9567 r1-2, LWO 9666-9667 r1-2, LWO 9749-9750 r1-2 (preservation masters)
</subfield>
</datafield>
<datafield ind1=" " ind2=" " tag="090">
<subfield code="a">AFC 1977/003</subfield>
</datafield>
<datafield ind1="0" ind2="0" tag="245">
<subfield code="a">1977 Neptune Plaza Concert Series collection,</subfield>
<subfield code="f">1977 /</subfield>
<subfield code="c">
sponsored by the American Folklife Center and the National Council for the Traditional Arts.
</subfield>
</datafield>
<datafield ind1="0" ind2=" " tag="246">
<subfield code="a">American Folklife Center concert, 1977</subfield>
</datafield>
<datafield ind1=" " ind2=" " tag="300">
<subfield code="3">manuscripts</subfield>
<subfield code="a">8</subfield>
<subfield code="f">folders.</subfield>
</datafield>
<datafield ind1=" " ind2=" " tag="300">
<subfield code="3">sound recordings</subfield>
<subfield code="a">16 sound tape reels :</subfield>
<subfield code="b">analog, 7 1/2 ips, 2 track, mono. ;</subfield>
<subfield code="c">10 in.</subfield>
</datafield>
<datafield ind1=" " ind2=" " tag="300">
<subfield code="3">graphic materials</subfield>
<subfield code="a">approximately 420 photographs.</subfield>
</datafield>
<datafield ind1="0" ind2=" " tag="490">
<subfield code="a">Neptune Plaza concert series</subfield>
</datafield>
<datafield ind1=" " ind2=" " tag="500">
<subfield code="a">
Photographs include negatives, black and white contact sheets (358 images), photographic prints, and color slides taken by photographers Carl Fleischhauer, Ray Dockstader, Paula Johnson, and Mark Schellhammer.
</subfield>
</datafield>
<datafield ind1=" " ind2=" " tag="520">
<subfield code="a">
Documentation of the monthly 1977 Neptune Plaza Concert Series, which consists of manuscript materials, sound recordings, and photographs of performers of bluegrass music, country music, blues music, Andean music, Cajun music, and Missouri fiddling recorded live outdoors on Neptune Plaza in front of the Thomas Jefferson Building, Library of Congress, from April through October 1977, sponsored by the American Folklife Center and the National Council for the Traditional Arts.
</subfield>
</datafield>
<datafield ind1="0" ind2=" " tag="505">
<subfield code="a">
April 25: Bluegrass Cardinals (Bluegrass) -- May 23: John Jackson (Blues) -- June 8: Southern Mountain Boys (Bluegrass) -- June 29: Los Rumi Songos (Andean) -- July 27: Balfa Brothers and Joe Politte (Louisiana Cajun music and Missouri French fiddling) with Congresswoman Lindy Boggs introducing the second half of the concert -- September 14: Bob Goff, Jr. and the Hobbs Sisters (Bluegrass) -- October 19: Ola Belle Reed (Country).
</subfield>
</datafield>
<datafield ind1="8" ind2=" " tag="524">
<subfield code="a">
1977 Neptune Plaza Concert Series collection (AFC 1977/003), American Folklife Center, Library of Congress.
</subfield>
</datafield>
<datafield ind1="1" ind2=" " tag="506">
<subfield code="a">
Collection is open for research; access restrictions for some materials may apply. To request materials, please contact the Folklife Reading Room at
</subfield>
<subfield code="u">https://hdl.loc.gov/loc.afc/folklife.contact</subfield>
</datafield>
<datafield ind1=" " ind2=" " tag="540">
<subfield code="a">
Duplication of the collection materials may be governed by copyright and other restrictions.
</subfield>
</datafield>
<datafield ind1=" " ind2=" " tag="541">
<subfield code="a">Accessioned,</subfield>
<subfield code="d">1977.</subfield>
</datafield>
<datafield ind1=" " ind2=" " tag="546">
<subfield code="3">Manuscripts</subfield>
<subfield code="a">in English.</subfield>
</datafield>
<datafield ind1=" " ind2=" " tag="546">
<subfield code="3">Sound recordings</subfield>
<subfield code="a">in English, Spanish, and Cajun French.</subfield>
</datafield>
<datafield ind1="0" ind2=" " tag="555">
<subfield code="a">
Finding aid available in the Folklife Reading Room and online
</subfield>
<subfield code="u">https://hdl.loc.gov/loc.afc/eadafc.af010003</subfield>
</datafield>
<datafield ind1=" " ind2="0" tag="650">
<subfield code="a">Folk music</subfield>
<subfield code="z">United States.</subfield>
</datafield>
<datafield ind1=" " ind2="0" tag="650">
<subfield code="a">Folk songs, English</subfield>
<subfield code="z">United States.</subfield>
</datafield>
<datafield ind1=" " ind2="0" tag="650">
<subfield code="a">Music</subfield>
<subfield code="z">Andes Region.</subfield>
</datafield>
<datafield ind1=" " ind2="0" tag="650">
<subfield code="a">Popular music</subfield>
<subfield code="z">Andes Region.</subfield>
</datafield>
<datafield ind1=" " ind2="0" tag="650">
<subfield code="a">Bluegrass music</subfield>
<subfield code="y">1971-1980.</subfield>
</datafield>
<datafield ind1=" " ind2="0" tag="650">
<subfield code="a">Bluegrass music</subfield>
<subfield code="z">Middle Atlantic States.</subfield>
</datafield>
<datafield ind1=" " ind2="0" tag="650">
<subfield code="a">Blues (Music)</subfield>
<subfield code="z">Virginia.</subfield>
</datafield>
<datafield ind1=" " ind2="0" tag="650">
<subfield code="a">Blues (Music)</subfield>
<subfield code="y">1971-1980.</subfield>
</datafield>
<datafield ind1=" " ind2="0" tag="650">
<subfield code="a">Cajun music</subfield>
<subfield code="z">Louisiana.</subfield>
</datafield>
<datafield ind1=" " ind2="0" tag="650">
<subfield code="a">Songs, Cajun French</subfield>
<subfield code="z">Louisiana.</subfield>
</datafield>
<datafield ind1=" " ind2="0" tag="650">
<subfield code="a">Fiddle tunes</subfield>
<subfield code="z">Missouri.</subfield>
</datafield>
<datafield ind1=" " ind2="0" tag="650">
<subfield code="a">Country music</subfield>
<subfield code="z">Maryland.</subfield>
</datafield>
<datafield ind1=" " ind2="0" tag="650">
<subfield code="a">Old-time music</subfield>
<subfield code="z">Middle Atlantic States.</subfield>
</datafield>
<datafield ind1=" " ind2="0" tag="650">
<subfield code="a">African Americans</subfield>
<subfield code="v">Music.</subfield>
</datafield>
<datafield ind1=" " ind2="0" tag="650">
<subfield code="a">French Americans</subfield>
<subfield code="z">Missouri</subfield>
<subfield code="v">Music.</subfield>
</datafield>
<datafield ind1=" " ind2="0" tag="650">
<subfield code="a">Cajuns</subfield>
<subfield code="z">Louisiana</subfield>
<subfield code="v">Music.</subfield>
</datafield>
<datafield ind1=" " ind2="7" tag="655">
<subfield code="a">Manuscripts.</subfield>
<subfield code="2">aat</subfield>
</datafield>
<datafield ind1=" " ind2="7" tag="655">
<subfield code="a">Sound recordings.</subfield>
<subfield code="2">aat</subfield>
</datafield>
<datafield ind1=" " ind2="7" tag="655">
<subfield code="a">Photographs.</subfield>
<subfield code="2">aat</subfield>
</datafield>
<datafield ind1=" " ind2="7" tag="655">
<subfield code="a">Color slides.</subfield>
<subfield code="2">aat</subfield>
</datafield>
<datafield ind1="1" ind2=" " tag="700">
<subfield code="a">Jackson, John,</subfield>
<subfield code="d">1924-2002,</subfield>
<subfield code="e">performer.</subfield>
</datafield>
<datafield ind1="1" ind2=" " tag="700">
<subfield code="a">Politte, Joe,</subfield>
<subfield code="e">performer.</subfield>
</datafield>
<datafield ind1="1" ind2=" " tag="700">
<subfield code="a">Reed, Ola Belle,</subfield>
<subfield code="d">1916-2002,</subfield>
<subfield code="e">performer.</subfield>
</datafield>
<datafield ind1="1" ind2=" " tag="700">
<subfield code="a">Boggs, Lindy,</subfield>
<subfield code="d">1916-2013,</subfield>
<subfield code="e">speaker.</subfield>
</datafield>
<datafield ind1="1" ind2=" " tag="700">
<subfield code="a">Dockstader, Ray,</subfield>
<subfield code="e">photographer.</subfield>
</datafield>
<datafield ind1="1" ind2=" " tag="700">
<subfield code="a">Fleischhauer, Carl,</subfield>
<subfield code="e">photographer.</subfield>
</datafield>
<datafield ind1="1" ind2=" " tag="700">
<subfield code="a">Johnson, Paula J.,</subfield>
<subfield code="d">1954-,</subfield>
<subfield code="e">photographer.</subfield>
</datafield>
<datafield ind1="2" ind2=" " tag="710">
<subfield code="a">Balfa Brothers,</subfield>
<subfield code="e">performer.</subfield>
</datafield>
<datafield ind1="2" ind2=" " tag="710">
<subfield code="a">Bluegrass Cardinals,</subfield>
<subfield code="e">performer.</subfield>
</datafield>
<datafield ind1="2" ind2=" " tag="710">
<subfield code="a">Hobbs Sisters and Bob Goff (Musical group),</subfield>
<subfield code="e">performer.</subfield>
</datafield>
<datafield ind1="2" ind2=" " tag="710">
<subfield code="a">Rumi Songos (Musical group),</subfield>
<subfield code="e">performer.</subfield>
</datafield>
<datafield ind1="2" ind2=" " tag="710">
<subfield code="a">Southern Mountain Boys (Musical group),</subfield>
<subfield code="e">performer.</subfield>
</datafield>
<datafield ind1="2" ind2=" " tag="710">
<subfield code="a">Archive of Folk Culture (Library of Congress)</subfield>
</datafield>
<datafield ind1="2" ind2=" " tag="710">
<subfield code="a">American Folklife Center,</subfield>
<subfield code="e">collector.</subfield>
</datafield>
<datafield ind1="2" ind2=" " tag="710">
<subfield code="a">National Council for the Traditional Arts,</subfield>
<subfield code="e">sponsor.</subfield>
</datafield>
<datafield ind1=" " ind2=" " tag="852">
<subfield code="a">Library of Congress</subfield>
<subfield code="b">American Folklife Center,</subfield>
<subfield code="e">
101 Independence Ave. S.E., Washington, DC USA 20540-4610
</subfield>
<subfield code="u">https://hdl.loc.gov/loc.afc/folklife.home</subfield>
</datafield>
<datafield ind1="4" ind2="2" tag="856">
<subfield code="3">Finding aid</subfield>
<subfield code="u">https://hdl.loc.gov/loc.afc/eadafc.af010003</subfield>
</datafield>
<datafield ind1=" " ind2=" " tag="985">
<subfield code="a">afc/ead</subfield>
</datafield>
<datafield ind1=" " ind2=" " tag="985">
<subfield code="a">afc/coll</subfield>
</datafield>
<datafield ind1=" " ind2=" " tag="985">
<subfield code="a">afc/event</subfield>
</datafield>
</record>
</collection>